
@mastersthesis{rosskamp_modellierung_2014,
	title = {Modellierung eines symmetrischen {Mach-Zehnder} {Atominterferometers} mit {Double} {Diffraction}},
	school = {Universit√§t Bremen},
	type = {Bachelor},
	author = {Rosskamp, J.H.},
	year = {2014}
}
